@online{wwu,
	title = {Wahlfachpraktikum in der Arbeitsgruppe Elektronenmikroskopie},
	author = {AG Kohl - Physikalisches Institut M端nster},
	url = {https://www.uni-muenster.de/Physik.PI/Kohl/lehre/lehre.html},
	urldate = {2020-03-04},
}

@MastersThesis{schmiddie,
	Type 					= "{D}oktorarbeit",
	Author					= "R. Schmidt",
	Title					= "Ultraschnelle Dynamik und Manipulation von Exzitonen in atomar d端nnen Halbleitern",
	School					= "Westf{\"a}lische Wilhelms-Universit{\"a}t M{\"u}nster",
	Year 					= "2016"
}
@book{anleitung,
  author = {Physikalisches Institut},
  title = {Magneto-Optischer Kerr-Effekt - Einf端hrung},
  address = {WWU M端nster}
}
