@online{wwu,
	title = {Wahlfachpraktikum in der Arbeitsgruppe Elektronenmikroskopie},
	author = {AG Kohl - Physikalisches Institut MÃ¼nster},
	url = {https://www.uni-muenster.de/Physik.PI/Kohl/lehre/lehre.html},
	urldate = {2020-03-04},
}

@online{wikiMs,
	title = {Brass},
	author = {Wikipedia},
	url = {https://en.wikipedia.org/wiki/Brass},
	urldate = {2020-03-04},
}

@online{bruker,
	title = {Bruker},
	url = {https://www.bruker.com/},
	urldate = {2020-03-04},	
}

@online{brukerPTE,
	title = {Periodic Table of Elements and X-ray Energies},
	autor = {Bruker},
	url = {https://www.bruker.com/fileadmin/user_upload/8-PDF-Docs/X-rayDiffraction_ElementalAnalysis/HH-XRF/Misc/Periodic_Table_and_X-ray_Energies.pdf},
	urldate = {2020-03-04},	
}
