@online{wwu,
	title = {Wahlfachpraktikum in der Arbeitsgruppe Elektronenmikroskopie},
	author = {AG Kohl - Physikalisches Institut MÃ¼nster},
	url = {https://www.uni-muenster.de/Physik.PI/Kohl/lehre/lehre.html},
	urldate = {2020-03-04},
}

@online{wikiMs,
	title = {Brass},
	author = {Wikipedia},
	url = {https://en.wikipedia.org/wiki/Brass},
	urldate = {2020-03-04},
}

@online{bruker,
	title = {Bruker},
	url = {https://www.bruker.com/},
	urldate = {2020-03-04},
}

@online{brukerPTE,
	title = {Periodic Table of Elements and X-ray Energies},
	autor = {Bruker},
	url = {https://www.bruker.com/fileadmin/user_upload/8-PDF-Docs/X-rayDiffraction_ElementalAnalysis/HH-XRF/Misc/Periodic_Table_and_X-ray_Energies.pdf},
	urldate = {2020-03-04},
}

@online{wiki_wse,
	title = {Tungsten diselenide},
	autor = {Wikipedia},
	url = {https://en.wikipedia.org/wiki/Tungsten_diselenide},
	urldate = {2020-03-13},
}

@online{wiki_wse_bild,
	title = {Molybdenite-3D-balls},
	autor = {Ben Mills},
	url = {https://en.wikipedia.org/wiki/Tungsten_diselenide#/media/File:Molybdenite-3D-balls.png},
	urldate = {2020-03-13},
}

@online{eelsinfo,
	title = {EELS Atlas},
	autor = {Gatan},
	url = {https://eels.info/atlas},
	urldate = {2020-03-13},
}


@article{benameur2011,
	year = {2011},
	volume = {22},
	number = {12},
	pages = {125706},
	author = {M M Benameur and B Radisavljevic and J S H{\'{e}}ron and S Sahoo and H Berger and A Kis},
	title = {Visibility of dichalcogenide nanolayers},
	journal = {Nanotechnology},
}

@article{Tonndorf2013,
author = {Philipp Tonndorf and Robert Schmidt and Philipp B\"{o}ttger and Xiao Zhang and Janna B\"{o}rner and Andreas Liebig and Manfred Albrecht and Christian Kloc and Ovidiu Gordan and Dietrich R. T. Zahn and Steffen Michaelis de Vasconcellos and Rudolf Bratschitsch},
journal = {Opt. Express},
number = {4},
pages = {4908},
title = {Photoluminescence emission and Raman response of monolayer MoS2, MoSe2, and WSe2},
volume = {21},
year = {2013},
}
